@misc{docker_wikipedia_it,
  title        = {Docker Wikipedia it},
  howpublished = {https://it.wikipedia.org/wiki/Docker},
  note         = {Accesso: Agosto 2025},
  key          = {Docker}
}

@misc{docker_wikipedia_en,
  title        = {Docker Wikipedia en},
  howpublished = {https://en.wikipedia.org/wiki/Docker\_(software)},
  note         = {Accesso: Agosto 2025},
  key          = {Docker}
}

@misc{ibm_docker,
  author       = {Docker - IBM},
  howpublished = {https://www.ibm.com/think/topics/docker},
  note         = {Accesso: Agosto 2025},
  key          = {Docker}
}

@misc{docker_volumes,
  title        = {Docker Storage Volumes},
  howpublished = {https://docs.docker.com/engine/storage/volumes/},
  note         = {Accesso: Agosto 2025},
  key          = {Docker}
}

@misc{docker_compose,
  title        = {Docker Compose},
  howpublished = {https://docs.docker.com/compose/},
  note         = {Accesso: Agosto 2025},
  key          = {Docker}
}

@misc{docker_dockerfile,
  title        = {Dockerfile Concepts},
  howpublished = {https://docs.docker.com/build/concepts/dockerfile/},
  note         = {Accesso: Agosto 2025},
  key          = {Docker}
}

@misc{docker_containers,
  title        = {What is a Container?},
  howpublished = {https://docs.docker.com/get-started/docker-concepts/the-basics/what-is-a-container/},
  note         = {Accesso: Agosto 2025},
  key          = {Docker}
}

@misc{docker_images,
  title        = {What is an Image?},
  howpublished = {https://docs.docker.com/get-started/docker-concepts/the-basics/what-is-an-image/},
  note         = {Accesso: Agosto 2025},
  key          = {Docker}
}

@misc{docker_overview,
  title        = {Docker Overview},
  howpublished = {https://docs.docker.com/get-started/docker-overview/},
  note         = {Accesso: Agosto 2025},
  key          = {Docker}
}


@misc{airflow_docs,
  title        = {Apache Airflow Documentation},
  howpublished = {https://airflow.apache.org/docs/apache-airflow/2.10.5/index.html},
  note         = {Accesso: Agosto 2025},
  key          = {Airflow}
}

@misc{airflow_wikipedia,
  title        = {Apache Airflow},
  howpublished = {https://en.wikipedia.org/wiki/Apache\_Airflow},
  note         = {Accesso: Agosto 2025},
  key          = {Airflow}
}

@misc{configuration_as_code,
  title        = {What is Configuration as Code (CaC) and 5 Tips for Success},
  howpublished = {https://configu.com/blog/what-is-configuration-as-code-cac-and-5-tips-for-success/},
  note         = {Accesso: Agosto 2025},
  key          = {Airflow}
}

@misc{airflow_dags,
  title        = {DAGs - Apache Airflow},
  howpublished = {https://airflow.apache.org/docs/apache-airflow/2.10.5/core-concepts/dags.html},
  note         = {Accesso: Agosto 2025},
  key          = {Airflow}
}

@misc{airflow_tasks,
  title        = {Tasks - Apache Airflow},
  howpublished = {https://airflow.apache.org/docs/apache-airflow/2.10.5/core-concepts/tasks.html},
  note         = {Accesso: Agosto 2025},
  key          = {Airflow}
}

@misc{airflow_overview,
  title        = {Overview - Apache Airflow},
  howpublished = {https://airflow.apache.org/docs/apache-airflow/2.10.5/core-concepts/overview.html},
  note         = {Accesso: Agosto 2025},
  key          = {Airflow}
}

@misc{astronomer_airflow,
  title        = {Astronomer - Apache Airflow},
  howpublished = {https://www.astronomer.io/airflow},
  note         = {Accesso: Agosto 2025},
  key          = {Airflow}
}


@misc{observability_vs_monitoring,
  title        = {Observability vs Monitoring},
  howpublished = {https://circleci.com/blog/observability-vs-monitoring/},
  note         = {Accesso: Agosto 2025},
  key          = {Observability}
}

@misc{statsd_exporter,
  title        = {Prometheus StatsD Exporter},
  howpublished = {https://github.com/prometheus/statsd\_exporter},
  note         = {Accesso: Agosto 2025},
  key          = {Observability}
}

@misc{statsd,
  title        = {StatsD},
  howpublished = {https://github.com/statsd/statsd},
  note         = {Accesso: Agosto 2025},
  key          = {Observability}
}


@misc{prometheus_overview,
  title        = {Prometheus Overview},
  howpublished = {https://prometheus.io/docs/introduction/overview/},
  note         = {Accesso: Agosto 2025},
  key          = {Observability}
}


@misc{prometheus_wikipedia,
  title        = {Prometheus (software)},
  howpublished = {https://en.wikipedia.org/wiki/Prometheus\_(software)},
  note         = {Accesso: Agosto 2025},
  key          = {Observability}
}


@misc{grafana_prometheus,
  title        = {Introduction to Grafana \& Prometheus},
  howpublished = {https://medium.com/%40techlatest.net/introduction-to-grafana-prometheus-2360ca0c7b0c},
  note         = {Accesso: Agosto 2025},
  key          = {Observability}
}


@misc{grafana_wikipedia,
  title        = {Grafana},
  howpublished = {\url{https://en.wikipedia.org/wiki/Grafana}},
  note         = {Accesso: Agosto 2025},
  key          = {Observability}
}


@misc{grafana_prometheus_configure,
  title        = {Configure the Prometheus data source - Grafana Labs},
  howpublished = {\url{https://grafana.com/docs/grafana/latest/datasources/prometheus/configure/}},
  note         = {Accesso: Agosto 2025},
  key          = {Observability}
}


@misc{grafana_prometheus_observability,
  title        = {What is Observability with Prometheus - Grafana Labs},
  howpublished = {\url{https://grafana.com/docs/grafana-cloud/introduction/what-is-observability/prometheus/}},
  note         = {Accesso: Agosto 2025},
  key          = {Observability}
}


@misc{wikitech_mediawiki_history_dumps,
  title        = {MediaWiki History dumps - Wikitech},
  howpublished = {\url{https://wikitech.wikimedia.org/wiki/Data_Platform/Data_Lake/Edits/MediaWiki_history_dumps#Technical_Documentation}},
  note         = {Accesso: Agosto 2025},
  key          = {MediaWiki}
}


@misc{mediawiki_history_dumps,
  title        = {MediaWiki History dumps - Wikimedia},
  howpublished = {\url{https://dumps.wikimedia.org/other/mediawiki_history/readme.html}},
  note         = {Accesso: Agosto 2025},
  key          = {MediaWiki}
}

@misc{wikitechDocker,
  title        = {Docker - Wikitech},
  howpublished = {\url{https://wikitech.wikimedia.org/wiki/Docker}},
  note         = {Accesso: Agosto 2025},
  key          = {MediaWiki}
}

@misc{wikimedia_community_health_metrics,
  title        = {Community Health Metrics - Wikimedia},
  howpublished = {\url{https://meta.wikimedia.org/wiki/Community_Health_Metrics}},
  note         = {Accesso: Agosto 2025},
  key          = {MediaWiki}
}

@article{key,
  author  = {Marc Miquel-Ribé, Cristian Consonni, David Laniado},
  journal = {https://www.mdpi.com/journal/sustainability},
  title   = {Community Vital Signs: Measuring Wikipedia Communities’
             Sustainable Growth and Renewal},
  year    = {2022},
  note    = {Accesso: Agosto 2025},
  key     = {MediaWiki}
}

% book
% Required fields: author or editor, title, publisher, year. 
% Optional fields: volume or number, series, address, edition, month, note.


% article
% Required fields: author, title, journal, year. 
% Optional fields: volume, number, pages, month, note.

% conference
% same as inproceedings
% Required fields: author, title, booktitle, year. 
% Optional fields: editor, volume or number, series, pages, address, month, organization, publisher, note


% website
% as misc
% Required fields: none. 
% Optional fields: author, title, howpublished, month, year, note.
